3975 5109
650 404 1036 533 Wolff
1474 435 1535 527 ἐν
1696 410 1701 417 ’

142 548 343 657 setania,
373 547 516 640 numia
546 548 628 641 suia
659 575 796 665 equor
825 549 1105 666 insculpsere,
1134 551 1291 666 'quibua
1316 580 1376 643 ee
1392 555 1562 669 regio·
1716 572 1721 579 ’

145 692 226 756 nes
246 663 497 781 abundant:
537 664 608 753 feu
630 692 730 754 cum
750 666 999 778 AEgyptus,
1029 690 1083 753 ae
1100 669 1145 755 in
1167 694 1216 756 ea
1237 667 1527 777 Alexandria,

145 780 303 886 ltalia,
328 780 502 884 Africa,
536 784 582 872 δι
602 780 831 895 prasertim
845 780 1019 885 Sicilia,
1043 782 1168 894 spicit
1187 781 1382 898 lignatio,
1404 784 1527 878 uber·

148 914 288 983 tatem
311 900 446 985 tritici
469 891 732 983 indicarunt.
788 894 887 982 Sive
907 920 1006 983 cum
1030 898 1118 985 vini
1140 898 1329 1009 genetofi
1351 898 1528 991 affluen-

150 1011 259 1114 tiam
292 1034 386 1098 uvae
418 1008 617 1123 symbolo
645 1010 849 1118 jailavere
880 1012 1107 1123 Byzantii,
1149 1011 1314 1115 Dacia,
1352 1014 1527 1106 cnidii,

114 1164 123 1171 ·
151 1125 449 1221 Maronitaein
469 1122 681 1227 Thracia,
714 1128 758 1215 &
775 1124 917 1237 plures
941 1128 1030 1236 ejus
1048 1126 1234 1238 regionis
1250 1128 1397 1215 urben:
1427 1127 1526 1215 Call

146 1236 394 1328 fandrenses
427 1250 604 1352 quoque
639 1243 685 1326 in
708 1237 998 1354 Macedonia,
1027 1237 1252 1354 Perpereni
1275 1240 1448 1355 Lydiae,
1480 1246 1526 1335 &

149 1350 1378 1469 Palestiniinnumis,Samaritanochnratlereinseriptin
1436 1356 1528 1445 No·

150 1471 264 1555 tiora
279 1471 409 1557 etiam
424 1466 499 1556 illa
517 1467 750 1556 feracitatis
770 1466 948 1581 infignia
966 1467 1086 1557 suot:
1119 1468 1298 1558 Euboeae
1310 1474 1409 1578 Bor,
1424 1476 1527 1561 Ara-

144 1582 232 1671 bioe
247 1582 470 1683 Catmelus,
500 1582 655 1672 Africae
668 1578 900 1696 Elephanti
922 1582 1370 1699 exuvioe,&Scorpio,
1391 1587 1526 1703 AEgy-

146 1701 216 1811 pti
240 1697 502 1787 Crocodilus
515 1724 535 1803 ς
573 1717 668 1786 tum
691 1695 1006 1805 Alexandrina,
1031 1699 1276 1802 Cretenfia,
1304 1709 1356 1788 ac
1376 1698 1431 1787 de
1448 1704 1526 1815 Ju·
1617 1704 1620 1712 ’

147 1814 242 1899 dea
258 1810 695 1943 numismataPalmaa
717 1811 963 1917 ostentant,
993 1813 1123 1900 etiam
1148 1811 1337 1917 trifidas,
1374 1820 1419 1905 δι
1440 1822 1524 1907 Ca-

148 1925 1523 2174 titini„tlltalia}littit‘tlrlyimt‘ni‘tha*

145 2154 425 2248 celeberrima
446 2154 521 2244 tlla
542 2154 732 2268 Purpura
755 2151 950 2243 conseila
967 2154 1049 2258 est,
1087 2158 1317 2270 imaginem
1338 2158 1522 2274 relique·

141 2292 284 2379 ruore
325 2270 527 2390 AEgyptii
547 2269 653 2357 item
677 2268 946 2375 lblditavia,
974 2295 1128 2381 quam,
1161 2269 1281 2383 quod
1308 2268 1522 2384 serpentes

144 2388 432 2489 exterminet,
459 2383 618 2491 lateram
640 2382 856 2471 habuerat
897 2408 946 2470 ea
964 2410 1054 2473 non
1075 2384 1265 2473 multum
1282 2410 1310 2471 a
1327 2388 1522 2477 Ciconire

146 2500 290 2589 forma
310 2496 487 2586 abludit.
547 2498 761 2610 Hispaniae
773 2498 1013 2585 Cuniculua
1028 2495 1213 2604 adsidet,
1233 2522 1419 2609 quotum
1432 2501 1523 2591 illic

141 2616 451 2816 priraficopiu
500 2630 552 2702 ut
585 2614 821 2721 Cuniculosa
842 2611 1072 2699 celtiberia
1103 2639 1130 2702 a
1164 2613 1343 2703 Catullo
1376 2617 1522 2731 appel,

1 2937 2 2942 Ν
159 2748 233 2819 m
256 2750 497 2934 Pteculiaria
530 2867 651 2931 nunc
674 2840 819 2954 aliqua
839 2837 893 2927 de
916 2838 1161 2961 arboribus,
1183 2845 1228 2935 δι
1251 2824 1414 2957 plantis
1435 2847 1703 2961 pri-Ariorum

138 2986 293 3067 mum,
327 2980 422 3046 tum
447 2959 500 3047 de
519 2955 775 3047 animalibus
796 2955 937 3067 prisco
956 2983 1008 3043 ex
1026 2981 1108 3044 aere
1130 2955 1336 3049 adferam.
1422 2939 1637 3051 Pte-lm

142 3072 396 3161 tiosrffimam
420 3072 603 3160 Balsami
633 3071 827 3158 arborem
848 3070 1213 3159 Samaritanorum
1237 3072 1521 3164 numismatat

146 3186 363 3277 Cretenlla
382 3214 486 3279 vero
500 3186 762 3302 Cydaeorum
774 3244 792 3291 a
804 3181 1132 3297 &Elyriorum,
1161 3186 1438 3277 Diflamnom
1457 3216 1522 3278 re·

144 3302 427 3417 praesentant‚
458 3299 636 3389 herbam
653 3301 1046 3412 Cretoepropriam.
1125 3299 1383 3392 balaustium
1404 3302 1522 3393 Rho-

141 3418 316 3505 diorum
336 3421 381 3506 in
401 3419 588 3506 monetis
607 3414 809 3528 frequens
825 3416 1040 3518 occurrit3
1071 3410 1149 3503 flos
1164 3414 1266 3503 mali
1283 3413 1432 3505 Punici
1448 3421 1521 3520 eli.

137 3559 233 3646 quo
252 3528 308 3620 ad
328 3528 556 3647 tingendas
570 3527 944 3631 lanaautebantur.
1006 3527 1520 3618 Ascalonitarumnzxnn
1690 3612 1693 3615 ,

134 3664 494 3733 ΑΣΚΑΛΟΝΙΤΩΝ.
520 3646 652 3733 toties
676 3640 874 3729 laudatas
898 3642 1113 3729 veteribus
1144 3645 1314 3755 Cepaa,
1347 3666 1521 3752 unaque
1562 3674 1568 3685 ·

135 3758 410 3864 Columbae,
441 3758 612 3874 aliquot
624 3784 772 3845 eorum
789 3759 910 3843 numi
928 3755 1151 3843 exhibent.
1207 3753 1519 3846 Nobiliffimam

137 3870 330 3987 AEgypti
355 3870 550 3986 plantam
570 3875 730 3963 Lotum
754 3867 902 3981 (unde
920 3868 1071 3984 populi
1089 3870 1341 3985 Lotophagi
1358 3896 1522 3961 nomeu
1586 3914 1590 3921 ·

134 3987 400 4101 traxerunt)
434 3992 560 4077 variis
587 3991 631 4076 in
662 3991 804 4077 numia
825 3988 887 4073 ita
906 3984 1050 4073 videre
1072 3983 1200 4071 datur
1215 4013 1233 4087 3
1261 3982 1519 4097 utejurdem
1681 4037 1685 4045 ·

134 4102 279 4207 lolia,
314 4100 457 4203 florea,
491 4107 537 4196 bt
567 4102 748 4205 fruiiua,
781 4102 858 4213 qui
892 4098 985 4187 lilio
1006 4126 1098 4187 non
1120 4097 1354 4208 abfimilea,
1384 4118 1520 4213 caput

133 4214 270 4307 infiat
287 4222 510 4331 papaveris
520 4214 729 4317 efferunt,
751 4208 865 4303 belle
879 4212 971 4303 illie
989 4216 1298 4327 exprimantur.
1354 4212 1518 4304 Lotum

133 4330 398 4449 triumphali
421 4337 467 4445 in
496 4358 625 4441 curru
642 4328 868 4531 sublimepp
885 4328 1063 4447 Augusti
1083 4326 1292 4431 numisma
1308 4324 1520 4531 adtigit,
