3975 5109
432 481 440 490 ,
490 413 532 514 4
798 399 1173 486 ‘nunrouuar
1216 396 1503 480 occurro.
1543 341 1552 350 ⁵
1614 486 1620 492 ,
1667 411 1689 514 j

349 616 355 629 “
420 642 425 652 ’
497 641 585 736 que
607 605 869 730 applicatur.
941 607 1077 698 Notte
1097 609 1358 716 numerica,
1382 609 1429 697 in
1451 603 1669 728 praedido
1696 628 1787 698 nu·
1891 718 1893 751 Ι

497 781 599 860 mo,
638 753 756 842 AErae
782 745 1006 854 Parthicae
1021 746 1327 845 Arsacidarum
1357 746 1706 855 adscribuntur,
1737 749 1788 840 δε

430 877 433 885 ⁴
497 897 616 988 AErae
643 890 895 982 Parthicae
884 891 1061 980 mitium
1085 861 1302 978 tribuitur
1323 891 1499 978 circiter
1518 914 1645 978 anno
1668 907 1786 978 ante

496 1035 650 1128 AEram
667 1029 969 1136 Christianam.
973 1029 1212 1136 CCXXIX.
1247 1027 1304 1132 V
1336 1033 1387 1118 C
1421 1026 1611 1118 DXXV.
1600 1091 1639 1137 .,
1645 1055 1788 1147 ·con

421 1202 426 1222 ¹
498 1196 595 1280 tra,
612 1195 755 1289 quarn
779 1169 1315 1275 hactenusVnnrrurros,
1335 1165 1500 1286 aliique
1519 1140 1781 1256 statuerint.

542 1387 545 1395 .
615 1311 827 1429 Denique
851 1309 908 1401 de
928 1309 1083 1401 Numo
1110 1313 1277 1422 Arsamr's
1310 1305 1605 1428 disceptatur,
1637 1311 1783 1426 isque

501 1445 668 1542 Ciliciae
697 1451 932 1572 praesed0,
954 1471 1037 1568 aut
1062 1443 1211 1545 Arsaci
1238 1439 1459 1538 Armeniae
1477 1435 1594 1566 Regi
1616 1434 1783 1538 'uindi-

349 1655 396 1672 -.
500 1589 667 1684 candus
699 1593 915 1676 censetur.
993 1589 1189 1679 Eruditae
1216 1586 1323 1676 hnic
1345 1587 1654 1684 Differtationi
1687 1585 1785 1676 ele·
1835 1665 1841 1672 .

499 1751 681 1851 gantcm
708 1721 1018 1831 ιιιιιιιιιιιιιιιι,
1047 1744 1178 1812 antea
1203 1745 1301 1810 ιιοιι
1336 1719 1536 1840 vulgati,
1561 1723 1780 1835 iconem,

497 1894 761 1996 novumque
773 1867 890 1958 AErae
902 1861 1239 1954 Arsacidarum
1229 1862 1409 1950 mitium
1428 1863 1676 1953 indicatum
1697 1864 1781 1954 de-

475 2009 682 2114 demus,
713 2025 871 2130 prester
891 1999 1128 2124 complura
1158 1997 1346 2113 erudite,
1376 2023 1596 2190 acuteque
1622 2003 1778 2097 obser-

368 2205 379 2218 ·
500 2167 627 2266 vata,
656 2143 929 2262 detedaque
1002 2205 1006 2212 -

387 2327 392 2334 ·
613 2287 746 2377 Enim
777 2310 884 2376 vero
916 2282 983 2374 uti
1014 2276 1169 2372 laudes
1198 2278 1440 2374 uberrimas
1470 2227 1774 2376 Eruditissrmo

502 2425 686 2520 Ausiori
703 2419 862 2516 lubens
885 2423 1048 2512 merito
1077 2420 1348 2531 attribuo,
1338 2425 1475 2545 nain
1505 2424 1774 2518 sententiam

397 2637 401 2645 .
503 2563 725 2686 ejusdem,
747 2561 940 2657 candido
957 2563 1154 2656 veritaris
1174 2562 1338 2672 studio,
1364 2563 1685 2675 concederem
1705 2567 1773 2655 ni·
1846 2605 1851 2619 ·

343 2803 348 2814 ,
382 2742 387 2748 ·
503 2707 533 2798 fi
566 2705 703 2795 dubia
729 2703 840 2794 mihi
872 2699 1175 2794 succurrissent
1216 2703 1401 2824 aliqua,
1435 2727 1553 2825 quae
1564 2702 1771 2825 propensi

297 2825 301 2832 ⁸
502 2839 1298 2967 anrmrassenfionemsuspendendam
1311 2844 1632 2938 admonebant
1666 2849 1772 2974 Mo·

503 2984 620 3076 deste
647 2989 798 3104 itaque
822 2977 957 3072 dubia
985 2981 1061 3072 illa
1079 2983 1380 3104 proponenda
1410 2987 1598 3146 putavi,
1619 3005 1671 3075 ut
1687 3013 1770 3075 ex
1889 2954 1893 3083 ι

500 3126 676 3248 plicatis
700 3123 944 3245 ambiguis,
966 3123 1023 3215 ad
1043 3122 1316 3246 perspicue,
1341 3145 1418 3215 aut
1439 3153 1538 3246 quae
1561 3128 1600 3217 ei
1622 3129 1771 3252 proxi·
1891 3167 1893 3249 ι

432 3335 437 3344 -
468 3317 472 3324 ·
500 3293 574 3358 rna
592 3258 658 3372 fit,
673 3267 868 3360 veritatis
885 3283 1030 3384 partes
1051 3265 1279 3356 transitum
1296 3255 1423 3374 mihi,
1444 3267 1631 3393 aliisque
1649 3295 1770 3356 com·
1891 3356 1892 3393 Ν

501 3405 741 3527 planarum.
821 3407 888 3494 Ita
908 3405 1090 3524 quidem
1110 3432 1207 3496 non
1237 3394 1329 3496 tam
1350 3404 1606 3526 adversariig
1636 3434 1769 3528 quam
1891 3396 1892 3433 ¹

405 3588 437 3640 ,·
506 3547 627 3663 ejus,
662 3544 740 3665 qui
770 3533 795 3637 a
826 3541 1099 3668 doffloripus
1127 3545 1278 3634 instrui
1310 3549 1492 3667 cupiat,
1536 3539 1768 3667 personam
1858 3552 1892 3622 J

413 3719 418 3726 ·
503 3686 752 3779 sustinebo·
813 3679 977 3778 Intres
999 3671 1151 3778 Partes
1173 3683 1436 3806 disceptatio
1463 3686 1610 3779 omnis
1633 3686 1767 3778 distri·

420 3819 429 3843 ‘¹
504 3823 616 3920 buta
639 3826 720 3922 est:
757 3826 831 3914 ΡΜ
853 3823 908 3915 de
925 3823 1206 3924 Numrsmate
1219 3827 1764 3937 Mrnnrsarr,&Marrrsaro

506 3957 587 4054 11⁶²
620 3969 693 4057 Dc
713 3971 817 4059 AEra
838 3947 1067 4064 Parthica·
1103 3958 1213 4056 ΙΙΙϊὶὃ
1240 3967 1495 4061 DeNumis
1501 3969 1676 4179 Regum
1689 3974 1766 4102 Ar

507 4107 695 4216 meniae,
725 4135 777 4202 ac
799 4099 854 4196 de
870 4108 1070 4214 Arsamis
1082 4123 1223 4200 numo
1243 4109 1561 4202 nudabitur.-
