3975 5109
430 394 489 499 ⁷0
638 422 643 433 ·
930 373 1021 495 i&
1048 373 1079 493 <
1105 404 1135 467 0
1162 378 1193 494 i
1223 376 1314 495 ht

436 548 587 638 currus
609 537 729 635 erat,
758 544 857 633 quo·
868 518 1065 627 Deorum
1085 522 1251 610 exuvie
1279 518 1336 610 ad
1360 518 1562 639 pulvinar
1585 522 1821 619 incircum

435 639 736 733 vehebantur:
775 634 823 724 id
843 637 991 751 groeeis
1011 638 1057 725 in
1074 640 1217 725 uumis
1241 657 1430 743 ΑΠΗΝΗ,
1461 640 1554 753 ipso
1575 638 1664 727 hoc
1691 668 1842 729 vocas.

435 752 690 863 bulo-tense
709 748 954 867 adfignato,
980 752 1280 866 compellatur.
1340 753 1557 841 Caeterum
1578 748 1715 859 Ludi,
1734 757 1823 845 Ve-

435 872 664 973 uationes,
695 869 896 981 variaque
915 865 1153 978 spartacum
1165 867 1481 974 Romanorum,
1500 896 1601 959 cum
1618 870 1738 984 ipso,
1755 896 1821 964 ret

436 1005 554 1077 certe
575 980 665 1071 uisu
686 978 1006 1093 iucundillima,
1022 983 1155 1072 Circo
1173 984 1391 1096 maximo,
1407 984 1820 1101 autHippodromo,

434 1120 513 1192 aur
528 1096 896 1211 Amphitheatro,
917 1122 1154 1212 eorumque
1177 1096 1656 1201 accefforiisstrudiuria,
1675 1105 1821 1211 metis,

435 1216 585 1307 statuis
600 1220 682 1307 &e
707 1211 846 1327 prisco
868 1215 913 1300 iu
932 1234 1014 1301 oere
1029 1215 1410 1330 representantur.
1721 1257 1725 1266 ⁴
1812 1234 1818 1245 ·

311 1336 318 1351 “
350 1336 391 1396 n.
523 1400 528 1419 ,.
551 1330 637 1418 Rea
660 1328 750 1443 ipsa
770 1357 847 1445 me
867 1326 943 1419 hic
968 1324 1024 1417 ad
1051 1333 1248 1421 extantia
1269 1328 1488 1444 hodieque
1512 1331 1559 1420 in
1582 1333 1725 1421 numis
1748 1356 1822 1419 ue-

436 1464 579 1536 terum
590 1442 793 1535 AEdilicia
817 1428 1021 1549 deducit,
1052 1444 1285 1560 exquibus
1308 1448 1558 1559 originarias
1577 1446 1737 1538 format
1755 1449 1820 1559 iu·

437 1562 635 1677 stauratae
650 1564 736 1673 jam
758 1558 813 1650 ad
833 1560 1052 1676 pristinam
1071 1560 1353 1673 majestatem,
1384 1588 1436 1649 ac
1455 1560 1726 1676 perficiendas
1738 1567 1817 1649 Ar·

436 1674 747 1769 shitedo'uices
774 1681 917 1792 petere
941 1674 1069 1786 hujus
1095 1678 1198 1765 artis
1223 1673 1430 1765 studiosus
1456 1680 1631 1791 poterit.
1702 1675 1819 1765 Nam

467 1809 592 1898 raetet
628 1789 765 1883 modo
800 1792 935 1900 relata
962 1789 1140 1905 publica
1166 1789 1267 1896 illa,
1307 1788 1574 1907 grandiaque
1603 1789 1817 1898 edificia,
1863 1889 1876 1906 χ,

435 1817 630 2021 ἓοωρὶἰε
653 1906 1005 2024 quamplurimis
1032 1908 1153 1997 numi
1168 1906 1479 2019 resplendent,
1521 1933 1707 2020 quorum
1734 1909 1821 1997 alit
1884 1912 1895 1923 ”
1930 1962 1933 1966 «

434 2024 604 2137 ingenti
629 2020 1052 2136 fornice'falligiata,
1081 2020 1165 2111 alia
1216 2020 1438 2135 erillyliis,
1467 2040 1545 2110 aut
1558 2023 1695 2136 longo
1710 2049 1820 2139 prae·

434 2137 684 2228 liruilorum
706 2134 917 2253 graduum
939 2137 1137 2242 ascensu,
1166 2048 1251 2223 adiu
1268 2136 1553 2245 ambulacris,
1577 2139 1820 2239 columnia·

435 2255 684 2373 statuisque,
704 2249 931 2365 magnifice
967 2264 1158 2341 oruata:
1201 2251 1348 2365 qualia
1378 2252 1510 2354 sunt,
1547 2249 1688 2341 10v1.
1722 2253 1822 2341 VL·
1862 2361 1864 2366 Ι

433 2368 595 2459 TORl.
617 2365 947 2457 authNONl.
966 2365 1277 2456 MARTlALl.
1294 2385 1375 2455 sut
1391 2366 1820 2458 AETERNlTATl.

434 2482 802 2592 FLAVIORVM.
823 2483 1017 2596 'aliisque
1044 2483 1260 2598 inscripta.
1348 2482 1533 2571 Urbium
1560 2477 1819 2573 numismata

434 2617 571 2715 quot,
601 2602 796 2713 &quam
812 2600 927 2688 varia
941 2597 1157 2711 Delubra,
1186 2595 1704 2711 ac‘l'emplaexhibeant,
1721 2598 1817 2689 lon,

432 2740 538 2827 gum
574 2710 688 2803 foret
718 2711 933 2806 recensete
950 2736 982 2823 ς,
1009 2716 1187 2801 unicum
1220 2712 1331 2800 adeo
1350 2712 1567 2809 ‚nomisma
1597 2742 1688 2803 nou
1709 2740 1818 2805 rato·

433 2830 568 2935 duas,
591 2849 671 2917 sut
689 2847 775 2916 tres
796 2829 927 2917 etiam
949 2830 1144 2942 Deorum
1161 2824 1274 2917 oedes
1296 2830 1469 2915 miranti
1493 2827 1628 2918 oculo
1647 2828 1814 2942 objicit.

432 2949 572 3034 Arcus
585 2942 891 3059 triumphales,
912 2942 1082 3048 statuis,
1103 2941 1158 3031 ac'
1173 2943 1389 3031 columnis
1409 2940 1617 3052 decoros,
1646 2948 1816 3060 ingenti
1883 2994 1887 2999 ⁷

275 3088 277 3093 ’
432 3066 536 3150 artis
555 3060 844 3149 ostentatione
859 3061 906 3147 in
925 3062 1068 3147 numia
1084 3059 1271 3149 eoelatos
1283 3121 1298 3165 ,
1312 3058 1399 3146 sola
1416 3060 1458 3147 N
1463 3064 1603 3148 eronis
1619 3081 1817 3174 tempora

433 3196 546 3287 quot
573 3202 663 3265 uon
697 3172 945 3264 sufficiunt?
987 3200 1119 3290 quam
1151 3174 1318 3285 superbi
1351 3174 1416 3273 illi
1439 3178 1647 3264 Arcasin
1671 3180 1815 3267 numia

432 3290 608 3401 Traiani
625 3310 628 3317 ’
644 3314 744 3379 cum
774 3286 1032 3404 epigraphe:
1073 3288 1298 3378 FORVM.
1320 3288 1587 3381 TRAthl.
1613 3295 1658 3383 δι
1685 3296 1730 3380 iu
1754 3293 1815 3381 al·

430 3425 525 3494 tero
558 3405 837 3495 BASlLlCA.
869 3404 1055 3513 VLPIA.
1098 3407 1212 3520 Qae
1232 3410 1318 3520 jam
1338 3403 1423 3493 alia
1441 3408 1708 3495 memorem?
1740 3424 1814 3496 tot

429 3519 626 3609 Coloffos
646 3520 810 3609 somma
830 3538 948 3625 arte,
962 3590 966 3599 .
980 3522 1026 3611 de
1048 3519 1224 3633 ingenio
1246 3519 1514 3634 deignatos:
1546 3522 1812 3629 Columnas,

369 3674 380 3681 ·
427 3637 569 3733 etiam
590 3633 842 3742 Rostratas,
883 3655 961 3725 aut
990 3632 1132 3723 Pharo
1154 3662 1247 3724 non
1279 3635 1513 3740 abfimiles,
1554 3636 1809 3743 Obeliscoa,
1877 3715 1882 3723 ,

422 3750 635 3840 'Pontium
655 3751 877 3839 ilrudura's
895 3750 1284 3861 luiroeelegantioe,
1314 3750 1383 3838 seu
1403 3752 1559 3864 quibus
1572 3751 1691 3842 fluvii
1704 3746 1812 3843 con·

427 3868 569 3970 strati,
600 3867 670 3952 seu
694 3864 852 3980 quibus
880 3866 1018 3953 VlAE
1046 3865 1326 3954 MVNITAE
1350 3866 1523 3956 SVNT.
1613 3869 1663 3955 ln
1686 3888 1811 3958 tanta

428 4000 813 4082 monumentorum
839 3998 1035 4069 veterum
1062 3984 1217 4095 eopia,
1258 4007 1310 4069 ac
1347 3982 1567 4071 venustate
1600 3986 1811 4097 uariige·

427 4094 790 4205 ueristedorum,
819 4094 1057 4209 graduum,
1089 4095 1429 4199 trabeationum,
1461 4124 1512 4201 ae
1537 4097 1723 4204 balium,
1745 4118 1810 4187 at·

427 4238 512 4325 que
537 4211 719 4322 aliorum
738 4209 1076 4301 decoraminum
1109 4207 1267 4302 formas
1294 4210 1591 4326 deprehendet
1605 4212 1809 4304 Archite·
1964 4313 1971 4335 ‚

426 4328 550 4419 dus:-
589 4326 774 4429 diversos
787 4408 792 4431 .,
801 4326 1236 4425 itemeolumuarum
1259 4329 1479 4443 ordines,
1507 4334 1575 4420 uti
1598 4332 1710 4420 inter
1726 4357 1807 4423 cea.
1975 4357 1976 4362 ‘

1736 4467 1806 4538 te·
1913 4536 1916 4542 ,
