3975 5109
761 406 768 415 .
910 317 1120 483 ⁸403

1188 1550 1423 1645 IMP.
1472 1551 2189 1644 GORDIANVS
2240 1551 2512 1645 PIVS.
2555 1553 2789 1645 FEL.
2833 1553 3107 1645 AvG.
3175 1555 3476 1669 Caput
3513 1554 3711 1665 eius·

958 1667 1158 1758 dem
1193 1670 1290 1874 ἐξ
1290 1695 1393 1872 g
1399 1689 1686 1874 32:31
1683 1785 1758 1874 C
1778 1780 1852 1869 R
1879 1778 1952 1872 A
1979 1783 2117 1925 Tl
2144 1783 2260 1876 0.
2314 1783 2563 1876 Pavo
2606 1784 2975 1877 caudam
3014 1785 3481 1902 explicans.
3529 1728 3713 1871 Sub}

957 1923 1281 1989 tratas.

595 2008 936 2119 anaema-fl
1200 2012 1697 2103 Gordianus
1733 2011 1927 2102 Pius
1949 2077 1974 2110 ‚
2008 2014 2518 2131 Capitolino
2554 2014 2800 2114 teste,
2834 2013 2943 2102 ab
2969 2012 3294 2103 Senatu
3318 2015 3716 2103 Romano

590 2105 1196 2262 fflgssfflm'inter
1214 2132 1455 2218 Deos
1490 2131 1806 2217 relatus
1845 2129 1959 2216 est
1997 2161 2025 2237 3
2077 2135 2254 2219 imo
2293 2131 2739 2247 Philippus
2769 2128 2944 2242 ipse
2978 2192 3007 2235 ‚
3042 2130 3314 2218 homo
3348 2129 3719 2240 versipel-

426 2299 431 2307 -
597 2271 928 2349 neugma.
956 2246 1077 2334 -lis
1098 2309 1121 2345 ,
1156 2245 1546 2334 familiari
1579 2245 1964 2334 sermone
1985 2243 2527 2336 Gordianum
2560 2254 2869 2332 Divum
2903 2246 3333 2361 appellare
3370 2245 3722 2351 iblebat,

766 2406 773 2412 ¹
954 2364 1227 2451 etiam
1274 2357 1505 2473 apud
1545 2359 1888 2449 milites.
1994 2360 2382 2452 Publice
2424 2381 2717 2451 tamen
2760 2363 2934 2449 ritu
2990 2365 3215 2450 inter
3242 2361 3481 2448 Deos
3526 2359 3721 2448 rela-

956 2494 1158 2580 ‹tum
1205 2476 1411 2579 effe,
1454 2496 1634 2561 non
1672 2475 2009 2564 constat
2053 2503 2080 2563 ε
2121 2501 2401 2591 neque
2450 2475 2648 2565 satis
2692 2471 3112 2564 credibile
3149 2474 3262 2562 est
3308 2475 3590 2588 (cum
3628 2477 3721 2564 ri-

971 2612 1111 2679 tus
1159 2590 1305 2679 hic
1342 2616 1391 2675 a
1422 2588 1875 2677 (ueceffore
1905 2593 2250 2706 Imperii
2292 2589 2748 2680 obeundus
2779 2589 3037 2704 effet)
3083 2587 3172 2677 id
3197 2590 3719 2705 Philippum,

814 2804 820 2815 ,
974 2704 1403 2796 Gordiani
1450 2727 2127 2820 peremptorem,
2168 2705 2387 2794 adeo
2428 2702 2886 2794 effrontem
2930 2704 3162 2793 fuiffe
3201 2768 3231 2811 ,
3268 2717 3377 2791 ut'
3405 2707 3725 2818 proesta-

972 2843 1105 2912 ret
1147 2849 1179 2928 ς
1221 2847 1420 2909 cum
1466 2819 1770 2911 Romae
1805 2825 1976 2930 jam
2030 2821 2412 2937 Philippi
2472 2821 2658 2910 doli
2713 2819 3299 2909 innotuiffent.
3429 2818 3721 2935 Neque

973 2962 1180 3027 vero
1225 2933 1647 3048 publicae,
1694 2933 2264 3052 solemnisque
2296 2936 2994 3026 consecrationis
3032 2937 3429 3023 meminit
3455 2944 3728 3022 Eutro-

958 3063 1154 3169 pius
1197 3050 1333 3135 lib.
1373 3055 1516 3135 IX.
1631 3048 1802 3136 Etfi
1843 3047 2153 3141 referat
2194 3084 2214 3139 z
2266 3051 2813 3158 Gordianum
2861 3078 2908 3136 a
2952 3049 3364 3165 Philippo
3401 3051 3716 3140 Divum

978 3165 1513 3280 appellatum
1554 3162 1848 3271 fuifl'e3
1905 3163 1992 3251 id
2034 3166 2274 3278 quod
2321 3167 2425 3255 de
2463 3164 2861 3256 familiari
2904 3166 3284 3255 sermone
3326 3226 3357 3266 ‚
3397 3169 3530 3252 uti
3569 3167 3717 3251 Ca-

1045 3280 1408 3370 itolinus
1457 3282 1745 3394 innuit
1782 3341 1809 3385 ,
1858 3281 2460 3397 accipiendum
2502 3279 2873 3370 videtur.
3050 3281 3270 3370 Sane
3312 3279 3719 3368 Gordiani

1054 3403 1238 3507 ujus
1305 3421 1617 3484 numus
1673 3396 1963 3485 nullus
2014 3395 2247 3504 apud
2294 3391 2967 3486 Mediobarbum
3017 3392 3479 3484 exhibetur
3520 3456 3551 3502 ,
3598 3397 3717 3482 cui

962 3511 1681 3601 Confer-‚rationis
1733 3514 2068 3601 mentio
2093 3511 2414 3601 'inserta
2460 3510 2582 3598 fit.
2678 3508 2953 3625 Qiod
2995 3511 3047 3598 fi
3088 3515 3423 3599 extaret
3444 3514 3714 3599 *etiam

980 3634 1161 3739 ejus
1204 3632 1323 3716 rei
1363 3628 1826 3732 memoria3
1870 3624 2017 3714 hic
2056 3645 2351 3716 tamen
2399 3648 2713 3715 numus
2754 3625 2951 3715 effer
3002 3645 3297 3738 aperte
3332 3628 3716 3727 vitiosus,

985 3747 1135 3858 qui
1172 3762 1594 3856 pavonem
1621 3803 1648 3847 ,
1697 3760 2249 3854 perpetuum,
2343 3747 2899 3875 ropriumque
2943 3736 3388 3832 Muliebris
3423 3741 3715 3830 Conse·

985 3860 1401 3950 erationis
1445 3856 1955 3972 Symbolum
1983 3917 2015 3964 ,
2057 3772 2482 3947 Gordpiani
2529 3860 2797 3972 capiti
2830 3853 3311 3947 connefilat.
3389 3856 3561 3944 Hic
3604 3878 3714 3970 ty·

988 3999 1199 4177 Rhis,
1251 3978 1339 4067 δι
1377 3974 1848 4090 epigraphe
1884 3992 2408 4065 revocantur
2459 3971 2569 4061 ad
2611 3998 2922 4067 numos
2965 3973 3346 4064 Paulinae
3383 4035 3413 4080 ‚
3454 3976 3713 4065 uxorii

1103 4113 1484 4178 axrmrm.

1215 4205 1400 4293 Erit
1429 4202 1767 4293 fortaffe
1810 4200 2145 4317 aliquis,
2167 4204 2315 4317 qui
2342 4222 2617 4314 neget
2645 4232 2667 4290 z
2697 4211 3210 4319 perpetuum
3246 4198 3482 4291 fuiffe
3509 4194 3719 4317 apud

997 4319 1416 4440 Augustas
1463 4320 2161 4413 consecrationis
2197 4317 2687 4445 symbolum
2738 4382 2768 4427 ‚
2824 4346 3245 4435 pavonem
3301 4346 3332 4429 3
3384 4315 3720 4526 curgacitll.
