3975 5109
899 419 1080 555 39⁶
1144 424 1151 433 ’

1130 1566 1239 1661 In
1287 1563 1636 1660 adversa
1690 1561 1962 1676 huius·
1998 1562 2240 1652 numi
2294 1578 2537 1674 parte
2594 1562 2863 1675 eaput
2908 1559 3025 1652 est
3063 1621 3093 1667 ,
3142 1559 3670 1654 Diademate

906 1687 1286 1778 einstum
1315 1748 1345 1788 ,
1384 1684 1553 1773 iine
1589 1678 2083 1796 epigraphe.
2143 1672 2331 1764 Alii
2351 1675 2539 1766 bini
2562 1674 2943 1788 ejusdem
2984 1679 3328 1767 Cimelii
3353 1743 3382 1788 ,
3408 1683 3587 1790 jam
3620 1706 3688 1766 a

903 1803 1387 1893 Vaillantio
1426 1797 1786 1912 quidem
1819 1855 1849 1901 ,
1888 1789 2186 1907 quoad
2234 1789 2593 1905 figuram
2618 1849 2648 1895 ,
2682 1793 3018 1908 vulgati
3053 1798 3352 1898 numi,
3405 1793 3675 1882 Pom-

811 1919 840 1940 ”
946 1917 1195 2026 ,οηίεε
1235 1914 1631 2017 familiae,
1656 1906 1922 1997 Musoe
1951 1906 2310 2022 figuram
2347 1904 2733 1995 referunt
2762 1933 2960 1997 cum
2992 1906 3510 2021 epigraphe:
3545 1912 3714 2037 Q

980 2027 1507 2145 OMPONI.·
1537 2018 1890 2115 MVSA.
1937 2023 2091 2110 ubi
2127 2020 2379 2109 litera
2412 2020 2516 2108 V.
2563 2018 2948 2110 distinete
2982 2025 3317 2135 apicem
3360 2049 3671 2137 quem-

871 2147 1112 2236 'dam
1158 2167 1612 2233 recurvum
1652 2135 2054 2225 exhibet:
2086 2133 2326 2259 quod
2352 2132 2903 2256 vehementer
2933 2137 3338 2247 suspicor,
3372 2157 3523 2226 aut
3553 2137 3671 2228 ad

903 2257 1498 2351 denotandam
1537 2247 1875 2357 literam
1904 2250 2287 2365 longam,
2311 2252 2442 2336 uti
2472 2249 2851 2362 superius
2888 2279 2936 2338 e
2967 2257 3505 2363 Qinttliano
3536 2276 3669 2342 re-‘

909 2376 1082 2469 tuli
1122 2402 1148 2459 ι
1189 2391 1344 2462 aut
1379 2368 1491 2460 ad
1531 2365 2221 2480 distinguendam
2252 2363 2354 2454 V.
2388 2364 2783 2452 vocalem
2835 2390 2887 2452 a
2926 2366 3510 2472 consonante,
3536 2371 3677 2459 uti

914 2518 1080 2600 nos
1106 2485 1519 2583 Germani
1561 2479 1996 2596 hodieque
2028 2478 2523 2569 scribimus:
2556 2498 2710 2568 aut
2748 2496 2980 2571 certe
3009 2499 3366 2572 ornatus
3413 2483 3675 2574 causti

916 2611 1042 2698 ita
1076 2602 1599 2715 insculptum
1638 2595 1900 2689 fuiffe.

945 2725 957 2749 ⁴
1148 2719 1286 2806 Est
1319 2721 1525 2805 item
1570 2736 1880 2801 numus
1923 2705 2203 2796 noster
2246 2732 2529 2794 oeneus
2562 2769 2593 2814 ,
2630 2704 2892 2796 Vrbis
2939 2705 3242 2797 Romae
3286 2768 3315 2805 ‚
3362 2711 3452 2799 in
3486 2737 3673 2829 quo

909 2837 1027 2933 0.
1059 2835 1402 2950 longius
1427 2891 1458 2942 ,
1504 2823 1949 2922 manifesto
1987 2824 2235 2939 apice
2277 2840 2683 2916 notatum
2710 2882 2741 2933 ,
2785 2841 3067 2916 extat:
3109 2823 3499 2944 RfiMA.
