3975 5109
943 387 1116 482 344
1223 455 1229 459 .
1636 500 1645 504 ,
1938 355 2118 475 tu
2151 353 2239 488 ‚c
2293 386 2352 446 0
2406 357 2466 475 >
2520 354 2704 476 ω
3355 483 3368 500 ,

945 504 1292 594 votivos
1344 496 1600 589 iudos
1626 562 1653 601 ,
1712 497 2099 616 quinque
2138 522 2600 606 mnarum,
2661 497 2751 590 δι
2796 494 3234 596 variorum
3274 518 3729 590 ramorum

943 618 1393 731 symbolo,
1455 614 1768 730 quibus
1809 615 2189 704 Primum
2221 615 2570 729 Imperii
2609 613 2865 703 Decii
2908 639 3229 706 annum
3278 616 3731 708 condeco-

944 735 1260 825 rabant
1314 730 1983 823 Anazarbenses.
2179 728 2564 841 Exhibet
2621 753 2883 842 porro
2920 790 2949 835 ,
3027 729 3273 843 quod
3338 753 3719 827 numus.

945 871 1376 967 quantum
1437 849 1716 950 novi,
1801 845 2213 935 ha-&enus
2267 843 2485 931 alter
2548 844 2892 948 nuilus,
2974 871 3148 934 una
3214 873 3412 937 cum
3466 857 3726 935 Anno

943 973 1228 1068 Sacro,
1268 970 1551 1075 Novo,
1597 967 1910 1067 Primo,
1947 959 2173 1074 ipsos
2196 958 2430 1046 AErae
2471 958 2703 1047 urbis
2745 961 3360 1050 Anazarbenfis
3399 987 3725 1064 anime,

938 1081 1096 1194 qui
1137 1077 1384 1167 illum
1417 1086 1767 1194 primum
1812 1101 2135 1165 annum
2164 1135 2189 1169 ,
2250 1072 2408 1162 effe
2455 1074 2844 1184 Imperii,
2894 1101 2943 1162 a
2985 1075 3268 1165 Decio
3307 1074 3722 1189 suscepti,

934 1195 1367 1311 primum,
1428 1192 1681 1301 plane
1722 1187 2430 1280 commonstrant.
2545 1187 2773 1276 Nam
2818 1188 3395 1296 VaillantiuS,
3443 1190 3721 1279 Nori-

939 1308 1102 1398 fius
1145 1366 1173 1413 ,
1256 1310 1345 1399 &
1403 1302 1902 1395 Harduinus
1966 1330 2149 1392 uno
2210 1298 2556 1392 calculo
2620 1303 3237 1395 Anazarbenfis
3290 1331 3479 1394 aeroe
3541 1309 3724 1394 ini-

942 1428 1168 1513 tium
1227 1422 1612 1510 statuunt
1673 1421 1937 1523 Anno
1986 1420 2085 1506 V.
2140 1416 2245 1507 C.
2290 1441 2492 1529 734.
2662 1415 2765 1504 Id
2825 1428 3219 1531 quod-ex
3268 1421 3723 1509 Valeriani

935 1563 1213 1631 numo
1261 1536 1680 1650 inscripto
1729 1547 2277 1641 BOC=272.
2341 1527 2677 1621 erudite
2730 1529 3095 1624 deducit
3165 1534 3722 1624 Dodiflimus

932 1654 1030 1744 Ρ.
1076 1650 1599 1743 Harduinus.
1769 1648 2049 1763 Igitur
2115 1648 2171 1733 fi
2237 1664 2545 1760 coepto
2581 1709 2608 1748 ,
2689 1672 2829 1739 an.
2878 1648 2980 1736 V.
3023 1651 3125 1741 C.
3162 1661 3376 1762 734,-
3418 1654 3508 1739 in
3556 1675 3721 1739 au-

935 1784 1297 1865 tumno,
1352 1789 1591 1856 anno
1631 1764 1914 1878 primo
1959 1759 2736 1867 Anazarbenfium,
2788 1758 3343 1855 adnumerem
3388 1792 3716 1868 annoS,

931 1886 1027 1974 in
1090 1880 1377 1971 nostro
1440 1905 1712 1970 numo
1771 1874 2317 1993 consignatos
2357 1936 2388 1982 ‚
2487 1879 2681 1986 267.
2738 1876 3012 1966 exibit
3068 1904 3345 1968 annus
3420 1882 3523 1970 V.
3595 1881 3712 1968 C.

942 2020 1192 2088 1001.
1289 2001 1538 2109 cujus
1592 2013 2021 2083 autumno
2099 1988 2670 2089 finiitnnnus
2720 1994 3442 2086 Anazarbenfium
3507 1999 3717 2105 267.

931 2114 1232 2226 Quare
1289 2129 1507 2227 ante
1548 2130 2062 2198 autumnum
2126 2106 2330 2196 anni
2392 2107 2495 2225 V.
2557 2108 2661 2198 C.
2726 2133 2971 2197 1001.
3034 2110 3406 2200 Decium
3440 2155 3472 2216 ,·
3550 2110 3718 2225 qui

926 2228 1235 2319 hocin
1270 2250 1540 2317 numo
1581 2228 1760 2338 jam
1787 2220 2191 2341 Augustus
2225 2217 2696 2326 salutatur,
2755 2224 2864 2313 ad
2894 2220 3359 2340 Imperium
3405 2252 3715 2338 perve-

860 2358 866 2365 “
926 2342 1130 2434 niffe
1163 2339 1484 2429 necess'e
1522 2341 1661 2427 est.
1778 2340 1898 2425 At
1933 2340 2161 2424 enim
2209 2332 3331 2449 praeterR.P.Harduinum
3361 2404 3390 2448 ,
3435 2344 3708 2429 etiam

926 2456 1108 2559 Cel.
1169 2456 1255 2545 P.
1303 2457 1657 2569 pagius.
1714 2456 1801 2545 δε
1839 2453 1972 2541 Cl.
2008 2451 2533 2541 Vaillantius
2572 2452 3005 2559 statuunt,
3063 2455 3436 2546 Decium
3465 2481 3711 2544 anno

924 2572 1270 2661 demum
1314 2571 1418 2657 V.
1453 2572 1554 2658 C.
1609 2591 1848 2659 1002.
1888 2569 2351 2681 Imperium
2394 2570 2484 2655 in
2515 2568 2845 2656 Martio
2875 2631 2901 2674 ‚
2968 2590 3120 2657 aut
3162 2576 3250 2659 in
3287 2572 3527 2685 Julio
3554 2569 3710 2656 ad-

919 2685 1156 2779 iiss‘e.
1237 2686 1367 2775 Ex
1401 2702 1580 2799 quo
1614 2681 2034 2775 conficio:
2069 2680 2316 2774 'adeo
2356 2701 2691 2771 certum
2727 2685 2922 2786 effe,
2986 2712 3165 2773 non
3202 2688 3475 2799 posse,
3543 2685 3706 2773 niti

919 2829 1122 2892 cum
1191 2800 1480 2890 Primo
1526 2798 1877 2911 Imperii
1911 2797 2164 2886 Decii
2202 2822 2492 2900 anno,
2556 2799 2935 2888 nostrum
2969 2802 3702 2890 Anazarbenfium

916 2943 1242 3032 ⁴annum
1289 2938 1812 3027 congruere3
1876 2929 1975 2998 ut
2011 2912 2320 3016 etiam,
2368 2910 2480 2998 ad
2523 2914 3165 3005 conciliandam
3191 2935 3699 3031 temporum

914 3035 1339 3121 rationem
1368 3093 1424 3140 ,‚
1458 3047 1609 3117 aut
1653 3024 2379 3114 Anazarbenfium
2433 3029 2731 3117 AEram
2789 3054 2971 3117 uno
3009 3055 3245 3120 anno
3292 3030 3628 3122 tardius
3659 3094 3689 3138 ,

911 3164 1066 3233 aut
1108 3146 1569 3255 Imperium
1619 3141 1871 3228 Decii
1913 3164 2095 3229 uno
2123 3143 2330 3227 item
2367 3166 2601 3230 anno
2642 3144 2990 3257 coepiffe
3030 3148 3290 3234 citius
3322 3208 3351 3252 ,
3424 3173 3693 3259 quam

905 3260 1010 3348 fit
1076 3258 1482 3348 hactenus
1528 3253 2018 3370 creditum,
2078 3255 2491 3351 constitui
2528 3278 2980 3377 oporteat:
3046 3257 3155 3352 de
3192 3286 3378 3378 quo,
3418 3285 3693 3381 porro

908 3372 1461 3490 chronologi
1496 3367 1984 3543 vicjgrinth

3326 4355 3679 4541 ccxc,
