3975 5109
972 375 1014 391 ι’,

392 332 560 542 ⁹28]
782 386 785 393 ’
930 339 1312 525 succursu

253 566 257 573 “
436 582 539 648 cum
569 558 706 640 aeoles
742 546 945 639 adverbio
976 547 1210 664 espreffurn
1240 550 1320 656 lit,
1366 534 1435 639 uti
1454 534 1586 666 ¹l'uprs
1615 550 1819 641 diximus·

252 2498 423 2582 Nmsms·

252 2592 412 2731 'ltili

255 2750 296 2816 θ’
306 2755 394 2813 intrr-

249 2844 347 2916 ‘nme

438 676 534 787 Jam
555 670 584 757 fi
605 670 775 759 sestertii
796 668 921 756 unius
937 672 1149 779 pretium,
1178 662 1362 781 groffunr
1377 666 1608 761 nostratem
1621 668 1817 764 statuero,
1982 745 1983 758 l

438 784 567 989 girorl¹
580 788 824 901 proximum
840 807 942 871 vero
961 778 1040 899 elle
1055 802 1190 898 puto,
1218 780 1381 892 sumnia
1398 782 1494 872 haec
1515 782 1696 872 conficit
1712 810 1821 897 qua·

423 904 425 915 '
472 905 641 1015 ragints
673 902 867 1013 quinque
898 895 1159 986 florenorum
1188 898 1442 986 nostratium
1480 898 1720 986 milliones:
1752 894 1819 984 di·
1983 924 1984 984 ι

439 1044 572 1133 gnum
598 1016 799 1105 Romano
829 1015 1012 1126 imperio
1032 1011 1261 1118 debitum,
1292 1014 1615 1125 &imperatore
1640 1006 1819 1098 donum.

439 1141 589 1247 Atque
618 1131 686 1218 vel
714 1126 881 1217 idcirco
906 1124 1026 1215 aliud
1050 1124 1276 1213 Hadriano
1296 1130 1505 1215 numisma
1528 1126 1650 1214 haud·
1668 1131 1817 1213 imme·

427 1242 527 1334 ‘rito
549 1244 801 1360 inscriptum
822 1241 911 1329 elit
942 1240 1457 1331 LOCVPLETATORI.
1480 1237 1816 1332 ORBlS.TER·

438 1358 670 1450 RARVM.
738 1358 950 1464 Finirern,
988 1358 1064 1446 nifi
1090 1384 1157 1445 nse
1183 1360 1398 1446 Antonini
1426 1356 1488 1446 Pii
1513 1356 1815 1461 beneficentia,

438 1474 589 1564 illustri
601 1474 761 1562 Pietati
783 1472 1029 1583 conjunlla,
1047 1492 1310 1577 moraretur,
1328 1478 1450 1587 cujus
1470 1472 1591 1560 telles
1612 1474 1710 1559 sunt
1726 1469 1817 1556 duo

437 1589 644 1679 Faustinae
658 1588 847 1677 Senioris
869 1588 1003 1674 numi.
1063 1588 1229 1673 Horum
1250 1590 1359 1675 alter
1375 1592 1648 1700 Antoninum
1666 1587 1709 1673 in
1724 1584 1838 1698 suga

438 1705 554 1821 gestu
573 1701 775 1805 exhibet,
805 1698 999 1788 adstante
1016 1703 1153 1789 tritici
1172 1702 1343 1791 modio:
1373 1699 1548 1792 inferius
1570 1701 1722 1814 puelloe
1738 1702 1820 1787 cir.

439 1818 676 1923 curnstsnt,
717 1841 825 1931 quas
856 1840 1009 1929 nempe
1035 1818 1287 1905 Antoninus
1313 1816 1623 1921 inhonorem,
1657 1842 1709 1903 ac
1734 1839 1821 1902 mer

438 1934 622 2025 rnoriarn
654 1932 860 2019 Faustinus
892 1934 1036 2019 uxoris
1067 1930 1180 2037 sue,
1221 1935 1306 2039 jans
1341 1936 1455 2019 inter
1485 1931 1619 2020 Diras
1650 1932 1819 2033 relatae,

439 2046 644 2138 munifice
671 2045 848 2149 alebat3
884 2044 1133 2158 inscriptio:
1176 2045 1454 2134 PVELLAE.
1481 2040 1819 2133 FAVSTINIA·

438 2161 579 2254 NAE·
639 2160 788 2249 Altero
807 2162 852 2246 in
870 2184 1006 2247 nunro
1024 2157 1164 2247 infans
1187 2186 1212 2245 a
1235 2162 1412 2247 muliere
1436 2162 1670 2272 porrigitur
1693 2158 1819 2245 alteri

441 2277 632 2391 mulieri,
654 2278 699 2363 in
717 2294 917 2475 peffirnste
936 2274 1092 2379 stanti,
1123 2270 1301 2361 fortaffis
1312 2272 1474 2387 praefidi
1484 2281 1570 2391 ejus
1587 2270 1821 2390 partheno·

440 2392 510 2485 rtis
533 2391 707 2480 alumna
724 2416 754 2477 o
791 2407 931 2476 estur:
964 2387 1187 2502 inscriptio
1208 2388 1369 2479 eadem.
1898 2456 1902 2459 .

559 2504 748 2597 Paucula
766 2503 920 2601 huc,e
939 2508 1080 2591 nurnis
1091 2502 1378 2617 Augustorum
1390 2500 1611 2617 decerpta,
1625 2502 1825 2617 exempli,

442 2648 497 2715 ec
513 2622 667 2711 stimuli
687 2622 791 2709 loco
809 2621 940 2739 titoni
960 2617 1182 2705 sufficiant·
1268 2618 1313 2706 Si
1332 2645 1434 2708 vero
1457 2615 1608 2731 (quod
1632 2618 1824 2706 defidero

443 2738 499 2827 nb
520 2764 603 2842 eo,
632 2738 708 2847 qui
756 2730 931 2820 roficere
951 2734 1104 2844 cupit)
1124 2732 1191 2820 his
1212 2753 1444 2821 contentus
1460 2737 1635 2820 minime
1651 2732 1722 2838 lits
1752 2732 1827 2819 ad·

441 2870 515 2943 eat
548 2764 920 2979 eruditilhmorurn
950 2850 1137 2969 virorum
1171 2846 1559 2953 elucubrationes,
1604 2873 1701 2961 quoe
1729 2847 1824 3047 post

441 2967 594 3057 AEneoe
606 2966 728 3069 Vici,
787 2959 912 3049 acobr
926 2959 1118 3064 Strsdre,
1139 2961 1549 3064 SebastisniErizzi,
1569 2966 1613 3054 &
1628 2959 1728 3049 Ado
1748 2961 1826 3075 phi

443 3078 639 3171 Oeconis
684 3074 791 3190 (qui
830 3080 1040 3191 integrans
1076 3075 1373 3190 Augustalium
1406 3102 1638 3165 nutnorurn
1679 3077 1825 3164 seriem

442 3190 907 3311 primusconlcripfit)
928 3190 1166 3278 laudabiles
1189 3212 1373 3280 conatus
1388 3190 1471 3278 sele
1489 3188 1685 3278 offerent.
1744 3190 1825 3278 Of·

321 3308 325 3317 ’
442 3308 583 3397 fetent
616 3326 760 3396 autent
782 3306 821 3391 se
848 3330 1005 3416 opera,
1037 3307 1324 3417 Augustorum
1349 3306 1545 3392 ordinem
1570 3308 1741 3411 nuruis,
1774 3302 1827 3393 ac

445 3418 686 3513 dobiffitnis
703 3420 1131 3534 interpretationibus
1145 3420 1578 3524 illustrantia,l’stini,
1591 3421 1825 3531 Angeloni,

445 3538 657 3641 Tristani,
688 3534 991 3639 Mediobsrbi,
1021 3537 1194 3649 Begeri,
1218 3533 1455 3641 Hatduini,
1476 3532 1726 3637 Vaillantii,
1753 3533 1826 3620 Pe·

445 3652 574 3743 drufii
593 3678 694 3743 curn
717 3652 1026 3740 continuatore
1050 3652 1127 3737 suo
1152 3648 1280 3738 Petro
1302 3648 1487 3738 Piovene
1509 3676 1533 3735 e
1555 3650 1596 3737 S.
1611 3651 1650 3762 J.
1708 3649 1826 3737 Tum

236 3866 246 3885 ‚
388 3806 391 3811 ·
445 3765 807 3883 pro'declinantis
830 3764 1003 3878 Imperii
1018 3765 1250 3879 Augustis,
1280 3764 1557 3853 Celeberrimi
1580 3766 1654 3853 Du
1669 3766 1828 3877 Cangii

348 3892 352 3898 ’
446 3888 493 3975 δι
514 3881 716 3971 Bandurii
747 3878 1025 3969 collelliones
1053 3878 1267 3968 eruditam
1291 3880 1542 3966 aviditatem
1563 3878 1829 3993 explere‘po·

447 4017 609 4088 terunt.
668 3998 868 4113 Siplures
888 3994 1004 4084 nolle
1022 3992 1254 4099 defideras,
1285 3997 1360 4107 qni
1379 3994 1570 4107 sprrfirn,
1596 3995 1833 4108 &quibus-

450 4110 550 4203 danr
572 4109 752 4201 eruditis
773 4108 1137 4199 differtstionibus
1154 4107 1373 4199 historiam
1396 4110 1629 4221 Augustam
1649 4110 1829 4198 enu'mis

509 4226 795 4344 adjuverunt,
837 4224 1027 4319 Anselmi
1045 4224 1249 4315 Bandurii
1269 4221 1589 4317 bibliothecam
1612 4224 1773 4315 Numa·

444 4355 452 4406 ³
980 4339 1298 4435 rianrconsule.
1685 4456 1725 4547 c

1726 4480 1831 4546 asur
