3975 5109
456 522 464 529 .
1284 392 1472 523 Β
1525 406 1586 521 C
1640 433 1703 496 0
1756 404 2058 531 >Q
2936 435 3056 527 97

280 540 812 647 Antiochia,
872 547 1089 662 qum}
1124 547 1368 642 huuc
1416 576 1774 644 numum
1818 555 2257 673 percussit,
2331 559 2425 649 in
2467 555 2772 650 viridia
2803 588 3043 672 erat:

279 664 611 751 Pmuus
647 670 744 746 L.
769 696 846 761 5·
905 670 1211 772 Pistdae,
1273 670 2388 785 qaorthdoniae'Gaefflrea,
2450 682 2715 763 eadem
2753 689 3045 769 Antio-

279 780 487 867 chia.
605 772 888 885 Hujus
926 786 1188 870 eriam
1225 787 1558 874 mentio
1598 786 1911 878 incidit
1952 798 2369 893 AH.13.v.'
2394 826 2519 901 14·
3037 848 3043 855 -

324 1010 340 1026 .
499 889 898 1022 Similem
958 897 1309 1015 quidem
1374 897 1587 989 huic
1643 928 1917 993 numo
1957 910 2133 1016 jam
2193 907 2611 1023 produxit
2655 907 3042 1001 Vaillan-

277 1026 493 1108 tius,
557 1005 710 1094 sed
749 1031 839 1093 m
876 1037 1038 1101 aere
1080 1038 1451 1126 magno:
1533 1018 1812 1107 noster
1862 1040 2154 1112 autem
2196 1023 2434 1138 parvi
2484 1021 2817 1111 moduli
2860 1027 3040 1137 est:
3116 1062 3122 1072 ·

281 1152 377 1214 ac
434 1144 850 1239 praeterea
896 1129 985 1213 id
1027 1128 1322 1218 diverti
1358 1129 1652 1239 affert,
1714 1134 1959 1252 quod
1996 1164 2318 1237 nomen
2351 1136 2980 1231 COLONIAE
3003 1205 3044 1253 a

278 1244 614 1355 integre
655 1241 1120 1356 scriptum5
1191 1250 1666 1339 contineat.

275 2620 692 2807 mm.
761 2534 2037 2845 Avas‘rAQngput
2108 2704 2402 2845 Junae
2477 2685 2769 2847 Piae','
2843 2648 3088 2816 seu?

455 2839 918 2999 Domna:
950 2918 983 2973 ‚
1038 2878 1272 2992 quae
1329 2847 1532 2949 fuit
1576 2879 1850 2950 uxor
1897 2849 2379 2983 Septimii
2412 2846 2827 2949 Severi.

488 3036 759 3127 COL.
802 3038 1124 3127 CAES.
1164 3035 1737 3129 ANTIOCH.
1773 3039 1857 3127 S.
1897 3036 2003 3129 R.
2039 3122 2049 3129 ,
2091 3045 2417 3124 Colonia
2459 3046 2797 3146 Caefirrea
2841 3047 3024 3125 An..

264 3149 585 3238 tiocbia.
621 3159 957 3239 Senatus
976 3162 1398 3268 Romaqns.
1513 3154 1754 3244 Deus
1785 3155 2086 3243 Lurius
2116 3154 2325 3256 stat,
2363 3152 2584 3243 veste
2622 3150 3021 3244 muliebri
3095 3204 3105 3213 ·

266 3262 615 3354 indutus
638 3266 673 3367 ,'
727 3294 777 3354 a
828 3287 1074 3381 tergo
1120 3270 1406 3383 imago
1444 3267 1710 3358 Lunae
1752 3269 2260 3358 crescentis:
2338 3265 2643 3357 dextra
2688 3266 3016 3384 hastam

264 3397 548 3481 tenet,
609 3381 927 3470 sinistra
969 3384 1570 3488 Vieioriolam,
1631 3409 1823 3497 quae
1869 3402 2294 3497 tropaeum
2333 3381 2710 3473 humeris
2742 3386 3017 3497 impo-

257 3492 767 3602 fitumfert3
851 3497 1256 3585 columna
1299 3497 1556 3586 etiam
1600 3498 2005 3587 sinistram
2041 3497 2338 3587 fulcit:
2416 3497 2727 3587 Gassus
2768 3495 3022 3587 humi

255 3608 580 3714 adstat,
670 3614 758 3712 &
797 3612 1091 3701 Lunus
1133 3632 1396 3725 caput
1455 3613 1702 3701 bovis
1755 3612 1972 3725 pede
2025 3615 2388 3724 premit:
2467 3611 2557 3700 id
2620 3607 2862 3724 quod
2923 3614 3017 3702 in
3085 3632 3092 3639 “

245 3726 506 3813 nullo
546 3726 1116 3822 Coloniarum
1159 3753 1432 3815 numo
1477 3726 1710 3843 apud
1729 3726 2301 3817 Vaillantium
2342 3725 2869 3816 observatur.

467 3896 536 3984 A
611 3917 708 3986 ut
735 3897 983 3987 bovis
1016 3897 1127 3986 ad
1168 3896 1425 4014 pede:
1454 3898 1727 4005 Luni,
1787 3900 1878 3987 in
1925 3895 2301 3986 numoN
2366 3896 2774 4004 saeorum,
2800 3895 3013 3988 Inu-

519 3924 745 4101 tfriff.
780 4014 1349 4127 Spanhemius
1390 4017 1761 4128 primum
1806 4010 2233 4101 Euboeam
2269 3924 2684 4103 dyenotaoe
2723 4020 3010 4124 conje-

248 4146 536 4216 cerat:
597 4127 910 4217 deinde
954 4130 1461 4217 sententiam
1509 4149 1930 4234 mutarat:
1994 4126 2415 4242 Seguinus
2465 4155 2669 4218 vero
2708 4126 2820 4215 ad
2869 4154 3011 4217 va-

245 4244 412 4329 rias
446 4241 714 4331 Lunae
757 4271 956 4332 eum
1010 4264 1265 4331 tauro
1330 4243 1928 4333 fimilitudiues
1987 4245 2270 4334 refert.
2392 4245 2847 4332 Dronoaus
2881 4242 3012 4331 Sr-
3106 4325 3112 4329 .

245 4380 504 4445 curus
545 4359 723 4447 Lib.
760 4395 820 4445 ι.
883 4357 1075 4450 haec
1124 4359 1230 4448 de
1252 4360 1547 4471 Luna,
1609 4359 2242 4564 {gdianomiue
2276 4358 3010 4564 apudAEgyptiols

414 4537 424 4547 ,
2824 4499 2935 4565 cu
2975 4528 3012 4548 .-
