3975 5109
657 404 1046 529 mom
1450 432 1544 526 ³71

176 609 198 631 Α,
224 605 229 623 ·
254 550 534 670 inoptabile
566 546 805 657 facierum,
828 578 880 642 ac
899 564 1107 668 typorum
1122 549 1404 651 ,commillura
1422 552 1545 645 adul-
1555 591 1694 673 pm.

154 666 397 763 terinorum'
415 672 649 758 numdrum
670 666 779 757 fabri
797 664 1068 782 frequentina
1085 667 1187 785 lapi
1206 668 1317 759 sunt.
1356 668 1463 784 Ejus
1482 672 1624 759 reimm
1640 686 1693 765 σεδ

157 790 549 991 ἓῐῇᾗῖυοῳὴρτωῑείτ
571 784 872 987 alienantium,
892 786 938 876 δι
956 784 1248 900 imperitiam,
1266 784 1395 878 aliam
1414 785 1544 879 etiam
1552 761 1721 933 {mss

90 974 93 981 .
182 926 406 991 uremrr
463 924 680 987 eruaeo.
744 930 748 939 ·

273 927 526 1103 Falsariipilli
548 1013 698 1128 (quoa
716 1015 831 1101 inter
852 1033 1042 1104 monete
1066 1012 1254 1129 publicae
1277 1012 1388 1106 fabri
1409 1017 1544 1108 inter·

161 1129 267 1239 dum
285 1127 485 1247 fuerint)
509 1148 558 1215 ut
581 1132 833 1247 pecuniam,
850 1127 905 1218 ab
925 1129 1093 1219 fincere
1117 1134 1267 1220 iconio
1286 1130 1398 1221 nihil
1421 1133 1543 1221 ablu·

162 1245 339 1336 dentem
348 1241 698 1379 ,procuderentj
724 1271 748 1330 e
769 1242 955 1358 publicis
968 1246 1162 1335 Muneris
1181 1245 1279 1356 (ita
1298 1251 1427 1336 etiam
1450 1246 1542 1359 olii·

163 1366 273 1451 ciuae
294 1362 546 1449 monetariae
566 1356 888 1473 nominantur)
909 1362 1085 1473 typaria
1104 1420 1117 1461 ,
1136 1359 1288 1449 ubiubi
1310 1382 1542 1477 poterant,

158 1474 439 1588 sublegebaut
462 1536 476 1581 ,
497 1477 633 1588 iisque
650 1476 853 1589 pecunias
872 1473 1033 1565 abditis
1054 1478 1099 1564 in
1119 1475 1228 1565 locis
1247 1475 1481 1590 fignabant.

277 1591 476 1678 Alterum
492 1587 649 1677 horum
669 1598 721 1675 D.
735 1597 997 1700 Hieronymus
1011 1601 1056 1677 irr
1071 1597 1543 1695 vitaeS.ArrtorriiErerrr.
1619 1681 1623 1688 ,
1708 1672 1712 1685 ,

159 1731 241 1798 noa
262 1702 423 1809 docet,
442 1702 546 1793 dum
567 1705 729 1793 refert:
754 1703 867 1797 falsoe
891 1724 1080 1793 moneta
1105 1705 1297 1796 audorea
1316 1709 1362 1795 in
1389 1710 1542 1801 cremia

149 1840 286 1911 'antra
306 1820 380 1908 fibi
400 1818 556 1935 paralle
576 1878 588 1915 t
617 1825 660 1911 br
678 1816 846 1909 furtive
866 1880 882 1926 ,
903 1816 1105 1938 falseque
1122 1840 1309 1910 monete
1332 1818 1542 1919 officinae.

161 1939 231 2027 Ita
254 1940 384 2023 etiam
406 1940 453 2023 iu
475 1934 612 2023 insula
630 1937 667 2023 S.
681 1932 862 2047 Jacobi,
878 1959 976 2048 que
998 1962 1051 2023 ex
1067 1934 1543 2034 Diomedeia,seu'l're-

160 2055 336 2141 mitanis
355 2075 439 2136 una
458 2050 543 2151 est,
561 2053 606 2137 in
623 2070 774 2151 antro,
787 2047 841 2135 ad
861 2074 976 2136 mare
997 2054 1043 2139 in
1060 2069 1164 2165 rupe
1184 2049 1399 2165 profunde
1417 2080 1542 2143 exca-

161 2185 291 2265 vato,
307 2164 510 2266 malleos,
529 2168 573 2257 &
588 2163 789 2268 incudes,
806 2168 990 2265 cineres,
1006 2169 1052 2259 δι
1066 2184 1464 2279 monetasrepertaa
1484 2168 1543 2258 es·

161 2282 202 2370 sc
212 2346 225 2383 ,
246 2299 458 2367 memorat
479 2283 714 2365 Beredtiirrs
729 2280 945 2364 Crchorela
962 2289 1006 2364 in
1017 2288 1290 2399 Descriptirrre
1309 2284 1542 2371 Tremitm
1681 2292 1704 2325 ·’

158 2404 244 2506 Infi
252 2396 338 2482 Lib.
353 2402 404 2479 ΙΙ
435 2422 518 2509 cap.
539 2430 572 2478 r.
593 2396 706 2510 apud
720 2400 922 2480 Granium
940 2400 1074 2483 Italia
1087 2400 1167 2486 Vol.
1178 2404 1285 2483 XIV.
1343 2396 1541 2489 Alterum
1592 2486 1596 2493 ,
1704 2420 1709 2427 ’

157 2507 501 2625 Lab.XLVlII.'ffi
520 2512 578 2593 ad
591 2520 685 2627 leg.
699 2512 917 2625 Julperul.
934 2508 972 2617 §.
989 2526 1023 2598 ό.
1044 2509 1162 2599 haud
1183 2510 1362 2601 obscure
1376 2511 1541 2602 indica-

157 2649 253 2713 tur:
278 2632 387 2737 ἔξιτ’,
410 2654 497 2708 cum
517 2638 560 2708 in
581 2648 731 2707 moneta
743 2624 910 2739 publica
930 2649 1195 2740 operarentur,
1209 2630 1539 2737 extrinsecusfibi

145 2748 311 2861 signant
329 2752 540 2852 pecuniam
546 2741 684 2844 forma
699 2740 879 2855 publica,
888 2742 968 2842 five
970 2745 1172 2856 stgnatam
1174 2742 1378 2847 ferrantur
1391 2746 1477 2834 διο.
1523 2791 1527 2795 *

275 2855 379 2941 Non
407 2879 556 2967 paucae
585 2855 681 2940 sane
708 2852 964 2939 fincerorum
995 2881 1227 2943 numurum
1257 2858 1429 2968 posticae
1452 2854 1539 2973 fot,-

158 2997 264 3075 moe,
284 2973 331 3056 in
357 2966 608 3057 adulterinis
629 2966 829 3055 Dena'riia
854 2970 988 3079 capiti
1006 3033 1017 3072 ‚
1037 2972 1106 3058 cui
1129 2996 1219 3059 non
1242 2974 1537 3080 conveniunt,

159 3084 371 3197 adjundae
393 3080 745 3195 conspiciuntur,
760 3080 817 3170 ad
837 3082 985 3172 eadem
1006 3093 1175 3185 tamen,
1192 3105 1268 3173 aut
1283 3091 1461 3201 propius
1480 3114 1542 3176 re·

162 3219 283 3289 mota
307 3219 503 3310 tempora
521 3201 799 3311 pertinentes.
857 3195 908 3285 Id
931 3197 1052 3301 quod
1074 3198 1315 3288 ueceffitate
1335 3200 1455 3291 haud
1474 3226 1540 3291 ra·

158 3318 407 3517 libili
424 3310 1542 3522 lllbrlllllzlsszllllilllllll‘ll

159 3491 263 3633 sent’.
309 3454 477 3655 Ngegare
496 3560 643 3631 tamen
665 3452 824 3645 odim}
833 3454 1008 3657 plgpna
1028 3540 1101 3631 fibi
1119 3458 1540 3661 itidempiconiuppa·

159 3682 281 3761 rum,
305 3675 380 3743 aut
406 3654 517 3743 nihil
540 3660 721 3745 omnino
743 3684 767 3744 a
793 3658 981 3769 publicis
1007 3658 1289 3749 abhorrentia
1313 3720 1323 3755 ‚
1347 3658 1539 3767 falsarios

158 3770 403 3862 efformalle·
449 3772 551 3881 Qua
571 3774 615 3859 in
634 3800 678 3860 re
699 3770 935 3860 admodum
955 3793 1109 3864 cautos
1129 3775 1230 3863 illoc
1250 3774 1470 3880 suille,uti
1492 3782 1538 3871 δι

158 3893 204 3979 in
221 3884 462 3975 avertendis
484 3886 771 4000 charagmatis
789 3886 1006 4003 publicis,
1026 3915 1118 3978 non
1131 3888 1207 3979 nilr
1226 3890 1304 4010 niu
1329 3893 1539 4008 probatis7

158 4006 259 4094 lima
277 3998 565 4114 sublegendo,
584 3999 686 4090 inde
705 4004 900 4115 colligo:
926 4002 1047 4116 quod
1071 4004 1301 4119 sculptoria
1322 4008 1439 4099 error
1461 4008 1539 4101 vix

160 4119 274 4209 ullus
293 4118 338 4204 in
354 4117 609 4206 adulterinis
627 4120 815 4206 monetis
837 4118 1102 4231 deprehendi
1125 4119 1271 4209 soleat.
1532 4213 1538 4223 ,

270 4230 501 4345 Reliquum
521 4231 605 4335 est,
629 4252 679 4319 ut
698 4258 795 4346 qua
815 4230 869 4319 de
886 4236 1115 4340 vitiorum,
1134 4239 1242 4324 veria
1259 4237 1461 4352 perinde,
1474 4256 1538 4351 at·

149 4376 238 4465 que
259 4344 513 4447 adulterinis
538 4350 681 4441 numia
705 4346 1029 4557 inhgerentium,
1045 4354 1281 4485 varietate,
1300 4358 1345 4449 δι
1370 4353 1538 4562 οῐίςὲῃό

252 4498 273 4533 a
825 4490 884 4557 aa
913 4490 940 4556 a
1494 4495 1536 4563 rc
