3975 5109
1175 1300 1182 1308 .
1361 1290 1396 1322 «z
1572 1291 1614 1412 R·
1656 1287 1709 1401 -Ι
1776 1323 1802 1402 l
1979 1402 2196 1418 ’μω--
2291 1407 2300 1411 -
2749 1347 2761 1361 ‚
2870 1372 2879 1383 ἱ
2957 1344 2964 1351 .
3653 1398 3661 1404 .

1153 1484 1246 1579 P.
1282 1478 1638 1575 SEPT.
1693 1482 2091 1575 GETA·
2138 1481 2463 1575 PIVS.
2510 1481 2815 1581 AVG,
2869 1483 3230 1577 BRIT.
3352 1481 3695 1569 Publius

925 1607 1352 1724 Septimius
1393 1609 1601 1688 Geta
1641 1608 1839 1688 Pius
1876 1602 2281 1721 Augusta&
2320 1610 2872 1695 Britannicus.
2992 1604 3286 1718 Caput
3320 1596 3696 1691 Laurea·

925 1741 1117 1810 tum
1162 1718 2088 1924 &gg-EXERC.TR.
2115 1828 2376 1920 P.111.
2420 1828 2674 1920 COS.
2710 1825 2821 1919 ῙῙ.
2885 1832 3127 1918 Fedes
3160 1777 3699 1929 exercitaverit,

948 1948 1408 2035 Tribunitia
1429 1950 1810 2063 potestate
1850 1958 2176 2032 tertium
2211 2005 2239 2048 ‚
2292 1951 2582 2054 Constat
2609 1957 2918 2033 iterum.
3040 1946 3362 2034 Mulier
3408 1944 3706 2033 velata

936 2066 1155 2154 stans
1183 2125 1212 2168 ,
1262 2082 1628 2173 utraque
1682 2088 1945 2149 manu
2008 2060 2335 2173 fignum
2376 2060 2748 2150 militare
2793 2061 3168 2168 attinet,
3208 2061 3570 2149 tertium
3616 2057 3708 2145 fi·

937 2204 1205 2295 gnum
1255 2174 1364 2265 ad
1406 2174 1814 2265 sinistrum
1860 2174 2088 2264 latus
2136 2174 2385 2263 humi
2425 2173 2827 2264 defixum.
3630 2177 3633 2181 ’

570 2340 861 2402 vautram
1172 2309 1866 2427 Frequentiffima
1901 2312 2095 2401 haee
2134 2305 2598 2427 epigraphe
2624 2375 2659 2419 ,
2697 2313 3020 2428 semper
3064 2310 3131 2401 F
3154 2313 3184 2400 1
3208 2312 3295 2400 D
3320 2310 3470 2403 Es
3502 2308 3705 2401 scri-

567 2428 918 2502 ?“mmffl-
947 2449 1099 2547 pta
1148 2426 1826 2543 deprehenditur
1851 2488 1878 2534 ,
1915 2455 2094 2515 non
2127 2427 2189 2514 F
2200 2428 2515 2517 EDES.
2567 2428 2795 2516 unde
2821 2488 2854 2530 ,
2893 2428 3043 2515 etfi
3074 2428 3183 2516 ab
3212 2426 3708 2539 Orthogra-

942 2546 1173 2662 phiae
1233 2546 1450 2632 vitio
1505 2546 1847 2655 purgari
1905 2542 2290 2655 sculptor
2325 2542 2592 2656 posset
2646 2605 2671 2642 ,
2723 2542 2832 2631 ab
2871 2531 3278 2630 'affefiata
3329 2545 3711 2656 quadam

938 2658 1382 2751 vetustatis
1434 2658 1932 2753 imitatione
1981 2683 2166 2745 non
2220 2658 2526 2771 potest.
2653 2656 3098 2771 Siquidem
3147 2678 3391 2745 erant
3445 2683 3713 2744 voces

937 2776 1372 2890 quaepiam
1413 2770 1844 2860 veteribus
1896 2831 1926 2873 ,
1990 2796 2204 2880 quas
2256 2800 2406 2884 per
2450 2771 2519 2860 E
2563 2772 2709 2860 alii
2764 2833 2797 2877 ‚
2857 2772 3003 2860 alii
3039 2800 3186 2888 per
3231 2773 3270 2860 1
3309 2772 3711 2861 vocalem

942 2906 1418 2978 exararent·
1542 2885 1678 2973 lta
1724 2884 2381 2974 GENETRIX.
2431 2888 2518 2975 in
2557 2884 2985 2977 veteribus
3019 2890 3305 2976 nuruis
3355 2889 3712 2996 legitur,

903 3001 1186 3115 ·quod
1236 2996 1592 3087 subinde
1639 2997 2267 3088 GENITRIX.
2329 3001 2750 3113 seriptum.
2788 3004 2920 3089 est·
3043 3001 3712 3090 DOMETIVS.

944 3124 1033 3208 δε
1071 3114 1656 3204 DOMITIVS
1687 3114 1988 3203 itidem
2032 3118 2273 3203 numi
2319 3115 2674 3205 habent.
2752 3120 3351 3234 Qintiltanus
3373 3118 3709 3204 rursum

943 3234 1136 3320 haec
1182 3228 1750 3341 comprobat:
1801 3228 1975 3315 Lib.
2007 3264 2072 3316 1.
2112 3257 2427 3346 cap.12.
2526 3238 2733 3315 Here
2779 3263 2990 3315 nunc
3039 3240 3109 3315 E
3151 3237 3392 3316 latera
3438 3246 3713 3316 termi-

944 3379 1225 3434 namus
1251 3381 1287 3443 ,·
1327 3365 1420 3428 at
1449 3365 1801 3428 veterum
1844 3360 2296 3429 comicorum
2336 3345 2601 3430 adbuc
2639 3344 2869 3429 libris
2921 3357 3242 3432 invenio
3261 3382 3290 3427 .·
3351 3355 3563 3432 Heri
3607 3348 3724 3428 ad

947 3494 1063 3549 me
1099 3472 1322 3545 venit
1359 3454 1517 3548 &a
1585 3459 1695 3545 Et
1741 3457 2012 3545 haeret
2044 3462 2518 3547 etiamnum
2566 3462 2655 3547 in
2699 3459 3013 3548 Italico
3063 3460 3478 3551 idiomate
3521 3460 3714 3547 haec

945 3575 1552 3693 pronuntiatio
1569 3574 1911 3680 fede,ex
1952 3571 2382 3660 vocabulo
2394 3575 2639 3679 fides,
2681 3572 2923 3687 quod
2972 3575 3311 3662 fortasse
3348 3576 3566 3663 olim
3625 3578 3719 3662 li-

944 3713 1132 3782 tera
1171 3691 1292 3790 E,
1332 3687 1742 3798 scriptum
1784 3746 1811 3791 ,
1869 3704 2023 3773 aut
2069 3684 2455 3795 ejusdem
2507 3689 2716 3775 sono
2767 3748 2792 3791 ,
2862 3690 3320 3802 praesertim
3369 3718 3421 3777 a
3458 3691 3720 3806 plebe

949 3806 1508 3894 enunciatum
1555 3798 1718 3887 fuit
1764 3829 1791 3905 3
1857 3801 2213 3913 quando
2259 3807 2731 3891 etiamnum
2782 3804 2849 3889 E
2905 3803 3283 3892 clausum
3332 3807 3539 3896 Itali
3572 3871 3603 3914 ,
3637 3810 3720 3897 ὃ(

955 3919 1185 4010 Galli
1224 3920 1739 4033 praesertim,
1783 3914 2014 4029 quali
2061 3941 2261 4004 cum
2305 3918 2333 4006 1
2381 3921 2903 4031 permixtum
2947 3915 3335 4007 efferunt.

1185 4057 1551 4143 Veniam
1599 4074 2003 4162 praeterea
2051 4070 2500 4167 utcunque
2540 4075 2976 4148 merentur
3018 4053 3167 4140 ista
3218 4088 3239 4143 ε
3292 4059 3733 4148 AETRV-

958 4174 1264 4263 SCVS.
1303 4198 1462 4281 pro
1509 4168 1777 4257 ETR
1807 4167 2226 4255 VSCVS.
2269 4176 2355 4260 &
2401 4169 2692 4258 similia
2743 4168 2907 4258 alia
2940 4232 2965 4271 ,
3001 4173 3467 4282 praesertim
3519 4177 3732 4261 dum

961 4294 1262 4404 gtaecis
1299 4287 1566 4377 literis
1611 4284 1925 4397 scripta
1963 4282 2213 4378 sunt:
2251 4296 2961 4388 AITPQCKIAAAN.
2993 4311 3152 4400 pro
3184 4301 3737 4478 ETPOTCffi-
